<?xml version="1.0" encoding="UTF-8"?><collection xmlns="http://www.loc.gov/MARC21/slim"><record><leader>00504nam--2200193-i-4500</leader><controlfield tag="001">000008872</controlfield><controlfield tag="002">20161230</controlfield><controlfield tag="005">20161230201028</controlfield><controlfield tag="008">060222s1000------------r-----000-0-rus-d</controlfield><datafield ind1=" " ind2=" " tag="040"><subfield code="a">IFIN-HH</subfield></datafield><datafield ind1=" " ind2=" " tag="041"><subfield code="a">rus</subfield></datafield><datafield ind1=" " ind2=" " tag="080"><subfield code="a">535.33;539.2</subfield></datafield><datafield ind1="1" ind2=" " tag="100"><subfield code="a">Cardona, M</subfield></datafield><datafield ind1="1" ind2="0" tag="245"><subfield code="a">Moduliationnaia cpektroskopia</subfield><subfield code="c">M. cardona</subfield></datafield><datafield ind1=" " ind2=" " tag="260"><subfield code="a">Moskva</subfield><subfield code="b">Mir</subfield><subfield code="c">1972</subfield></datafield><datafield ind1=" " ind2=" " tag="300"><subfield code="a">416p</subfield></datafield><datafield ind1=" " ind2=" " tag="490"><subfield code="a">Titlul original in limba engleza: MODULATION SPECTROSCOPY</subfield></datafield><datafield ind1=" " ind2=" " tag="852"><subfield code="a">39289</subfield><subfield code="c">535.33</subfield></datafield><datafield ind1=" " ind2=" " tag="CAT"><subfield code="a">Sys</subfield><subfield code="c">20101206</subfield><subfield code="h">132811</subfield></datafield></record></collection>